@article{marchiori2019flight,
  title={In-flight photometry extraction of PLATO targets: Optimal apertures for detecting extrasolar planets},
  author={Marchiori, V and Samadi, R and Fialho, F and Paproth, C and Santerne, A and Pertenais, M and B{\"o}rner, A and Cabrera, J and Monsky, A and Kutrowski, N},
  journal={arXiv preprint arXiv:1906.00892},
  year={2019}
}
@article{petigura2018california,
  title={The California-Kepler survey. IV. Metal-rich stars host a greater diversity of planets},
  author={Petigura, Erik A and Marcy, Geoffrey W and Winn, Joshua N and Weiss, Lauren M and Fulton, Benjamin J and Howard, Andrew W and Sinukoff, Evan and Isaacson, Howard and Morton, Timothy D and Johnson, John Asher},
  journal={The Astronomical Journal},
  volume={155},
  number={2},
  pages={89},
  year={2018},
  publisher={IOP Publishing}
}

@article{maxted2016ellc,
  title={ellc: A fast, flexible light curve model for detached eclipsing binary stars and transiting exoplanets},
  author={Maxted, PFL},
  journal={Astronomy \& Astrophysics},
  volume={591},
  pages={A111},
  year={2016},
  publisher={EDP Sciences}
}
@article{weiss2014mass,
  title={The mass-radius relation for 65 exoplanets smaller than 4 Earth radii},
  author={Weiss, Lauren M and Marcy, Geoffrey W},
  journal={The Astrophysical Journal Letters},
  volume={783},
  number={1},
  pages={L6},
  year={2014},
  publisher={IOP Publishing}
}
@article{kipping2013parametrizing,
  title={Parametrizing the exoplanet eccentricity distribution with the Beta distribution},
  author={Kipping, David M},
  journal={Monthly Notices of the Royal Astronomical Society: Letters},
  volume={434},
  number={1},
  pages={L51--L55},
  year={2013},
  publisher={Oxford University Press}
}
@article{seager2003unique,
  title={A unique solution of planet and star parameters from an extrasolar planet transit light curve},
  author={Seager, Sara and Mallen-Ornelas, Gabriela},
  journal={The Astrophysical Journal},
  volume={585},
  number={2},
  pages={1038},
  year={2003},
  publisher={IOP Publishing}
}

@article{raghavan2010survey,
  title={A survey of stellar families: multiplicity of solar-type stars},
  author={Raghavan, Deepak and McAlister, Harold A and Henry, Todd J and Latham, David W and Marcy, Geoffrey W and Mason, Brian D and Gies, Douglas R and White, Russel J and Theo, A},
  journal={The Astrophysical Journal Supplement Series},
  volume={190},
  number={1},
  pages={1},
  year={2010},
  publisher={IOP Publishing}
}
@article{mcquillan2014rotation,
  title={Rotation periods of 34,030 Kepler main-sequence stars: the full autocorrelation sample},
  author={McQuillan, Amy and Mazeh, Tsevi and Aigrain, Suzanne},
  journal={The Astrophysical Journal Supplement Series},
  volume={211},
  number={2},
  pages={24},
  year={2014},
  publisher={IOP Publishing}
}
@article{foreman2018scalable,
  title={Scalable backpropagation for Gaussian Processes using celerite},
  author={Foreman-Mackey, Daniel},
  journal={arXiv preprint arXiv:1801.10156},
  year={2018}
}
@article{morton2015isochrones,
  title={isochrones: Stellar model grid package},
  author={Morton, Timothy D},
  journal={Astrophysics Source Code Library},
  year={2015}
}
